<?xml version="1.0" encoding="UTF-8"?><record xmlns="http://www.loc.gov/MARC21/slim" xmlns:cinclude="http://apache.org/cocoon/include/1.0" xmlns:zs="http://www.loc.gov/zing/srw/">
  <leader>00675cz  a2200169n  4500</leader>
  <controlfield tag="001">nr2001041693</controlfield>
  <controlfield tag="003">DLC</controlfield>
  <controlfield tag="005">20130320095141.0</controlfield>
  <controlfield tag="008">011011n| azannaabn          |a aaa     c</controlfield>
  <datafield tag="010" ind1=" " ind2=" ">
    <subfield code="a">nr2001041693</subfield>
  </datafield>
  <datafield tag="040" ind1=" " ind2=" ">
    <subfield code="a">MWA</subfield>
    <subfield code="b">eng</subfield>
    <subfield code="e">rda</subfield>
    <subfield code="c">CtWfDGI</subfield>
    <subfield code="d">DLC</subfield>
  </datafield>
  <datafield tag="046" ind1=" " ind2=" ">
    <subfield code="g">1847</subfield>
  </datafield>
  <datafield tag="100" ind1="1" ind2=" ">
    <subfield code="a">Kearney, John A.,</subfield>
    <subfield code="d">-1847</subfield>
  </datafield>
  <datafield tag="400" ind1="1" ind2=" ">
    <subfield code="a">Kearney, Jno. A.</subfield>
    <subfield code="q">(John A.),</subfield>
    <subfield code="d">-1847</subfield>
  </datafield>
  <datafield tag="400" ind1="1" ind2=" ">
    <subfield code="w">nnea</subfield>
    <subfield code="a">Kearney, John A.,</subfield>
    <subfield code="d">d. 1847</subfield>
  </datafield>
  <datafield tag="670" ind1=" " ind2=" ">
    <subfield code="a">Memorial of certain surgeons of the U.S. Navy, 1828:</subfield>
    <subfield code="b">p. 10 (Jno. A. Kearney, surgeon)</subfield>
  </datafield>
  <datafield tag="670" ind1=" " ind2=" ">
    <subfield code="a">List of officers of the Navy of the U.S. and of the Marine Corps, 1901:</subfield>
    <subfield code="b">p. 306 (Kearney, John A.; surgeon's mate, Mar. 3, 1809; surgeon, Jul. 24, 1813; d. Aug. 27, 1847)</subfield>
  </datafield>
</record>